@misc{forex_python,
  title = {Forex-python},
  howpublished = {\url{https://forex-python.readthedocs.io/en/latest/usage.html}},
  note = {Accessed: 2024-05-18}
}

@misc{three_sigma_rule,
  title = {Three Sigma Rule},
  howpublished = {\url{https://andymath.com/normal-distribution-empirical-rule/}},
  note = {Accessed: 2024-05-18}
}

@misc{encoding_types,
  title = {Label encoding and one-hot encoding},
  howpublished = {\url{https://www.analyticsvidhya.com/blog/2020/03/one-hot-encoding-vs-label-encoding-using-scikit-learn/}},
  note = {Accessed: 2024-05-18}
}

@misc{normalization,
  title = {Features normalization},
  howpublished = {\url{https://scikit-learn.org/stable/modules/generated/sklearn.preprocessing.StandardScaler.html}},
  note = {Accessed: 2024-05-18}
}

@misc{grid_search_cv,
  title = {Grid Search CV},
  howpublished = {\url{https://scikit-learn.org/stable/modules/generated/sklearn.model_selection.GridSearchCV.html}},
  note = {Accessed: 2024-05-18}
}

@misc{decision_tree,
  title = {Decision Tree},
  howpublished = {\url{https://scikit-learn.org/stable/modules/tree.html}},
  note = {Accessed: 2024-05-18}
}

@misc{random_forest,
  title = {Random Forest},
  howpublished = {\url{https://scikit-learn.org/stable/modules/generated/sklearn.ensemble.RandomForestRegressor.html}},
  note = {Accessed: 2024-05-18}
}

@misc{gradient_boosting,
  title = {Gradient Boosting},
  howpublished = {\url{https://scikit-learn.org/stable/modules/generated/sklearn.ensemble.GradientBoostingRegressor.html}},
  note = {Accessed: 2024-05-18}
}

@misc{mean_absolute_error,
  title = {Mean Absolute Error},
  howpublished = {\url{https://scikit-learn.org/stable/modules/generated/sklearn.metrics.mean_absolute_error.html}},
  note = {Accessed: 2024-05-18}
}

@misc{root_mean_squared_error,
  title = {Root Mean Squared Error},
  howpublished = {\url{https://scikit-learn.org/stable/modules/generated/sklearn.metrics.root_mean_squared_error.html}},
  note = {Accessed: 2024-05-18}
}